
@book{ejemplo,
  title={TÃ­tulo del libro},
  author={Apellido, Nombre},
  year={2020},
  publisher={Editorial Ejemplo}
}
